%YAML 1.1
%TAG !u! tag:unity3d.com,2011:
--- !u!1 &1351219026849292675
GameObject:
  m_ObjectHideFlags: 0
  m_CorrespondingSourceObject: {fileID: 0}
  m_PrefabInstance: {fileID: 0}
  m_PrefabAsset: {fileID: 0}
  serializedVersion: 6
  m_Component:
  - component: {fileID: 1351219026849292673}
  - component: {fileID: 9140303597121004933}
  - component: {fileID: 9140303597121004932}
  m_Layer: 0
  m_Name: Level 1
  m_TagString: Untagged
  m_Icon: {fileID: 0}
  m_NavMeshLayer: 0
  m_StaticEditorFlags: 0
  m_IsActive: 1
--- !u!4 &1351219026849292673
Transform:
  m_ObjectHideFlags: 0
  m_CorrespondingSourceObject: {fileID: 0}
  m_PrefabInstance: {fileID: 0}
  m_PrefabAsset: {fileID: 0}
  m_GameObject: {fileID: 1351219026849292675}
  m_LocalRotation: {x: 0, y: 0, z: 0, w: 1}
  m_LocalPosition: {x: 0, y: 0, z: 0}
  m_LocalScale: {x: 1, y: 1, z: 1}
  m_Children:
  - {fileID: 4374493298343486095}
  - {fileID: 4374493298487663186}
  - {fileID: 4374493297257012774}
  - {fileID: 4374493297414282102}
  - {fileID: 4374493297554769437}
  - {fileID: 4374493297597188852}
  m_Father: {fileID: 0}
  m_RootOrder: 0
  m_LocalEulerAnglesHint: {x: 0, y: 0, z: 0}
--- !u!114 &9140303597121004933
MonoBehaviour:
  m_ObjectHideFlags: 0
  m_CorrespondingSourceObject: {fileID: 0}
  m_PrefabInstance: {fileID: 0}
  m_PrefabAsset: {fileID: 0}
  m_GameObject: {fileID: 1351219026849292675}
  m_Enabled: 1
  m_EditorHideFlags: 0
  m_Script: {fileID: 11500000, guid: c5679db43113f544cba9cd72887117f1, type: 3}
  m_Name: 
  m_EditorClassIdentifier: 
  CurrentLevelSettings:
    EnemyTeam: 1
    GroundState: 0
    StartScore: {x: 4, y: 0}
    HalfState: 1
    canUseSpecialShot: 0
  enemiesHandler: {fileID: 0}
--- !u!114 &9140303597121004932
MonoBehaviour:
  m_ObjectHideFlags: 0
  m_CorrespondingSourceObject: {fileID: 0}
  m_PrefabInstance: {fileID: 0}
  m_PrefabAsset: {fileID: 0}
  m_GameObject: {fileID: 1351219026849292675}
  m_Enabled: 1
  m_EditorHideFlags: 0
  m_Script: {fileID: 11500000, guid: 7fe0eee80f9685a4ea8b4ac691f73203, type: 3}
  m_Name: 
  m_EditorClassIdentifier: 
--- !u!1001 &1351219025901141188
PrefabInstance:
  m_ObjectHideFlags: 0
  serializedVersion: 2
  m_Modification:
    m_TransformParent: {fileID: 1351219026849292673}
    m_Modifications:
    - target: {fileID: 3347631314238089136, guid: 757afd453d2467a4fa96d62e35a68b16, type: 3}
      propertyPath: m_Name
      value: Enemy (4)
      objectReference: {fileID: 0}
    - target: {fileID: 3347631314238089136, guid: 757afd453d2467a4fa96d62e35a68b16, type: 3}
      propertyPath: m_Layer
      value: 9
      objectReference: {fileID: 0}
    - target: {fileID: 3347631314238089138, guid: 757afd453d2467a4fa96d62e35a68b16, type: 3}
      propertyPath: m_RootOrder
      value: 3
      objectReference: {fileID: 0}
    - target: {fileID: 3347631314238089138, guid: 757afd453d2467a4fa96d62e35a68b16, type: 3}
      propertyPath: m_LocalPosition.x
      value: 3.64
      objectReference: {fileID: 0}
    - target: {fileID: 3347631314238089138, guid: 757afd453d2467a4fa96d62e35a68b16, type: 3}
      propertyPath: m_LocalPosition.y
      value: 3.04
      objectReference: {fileID: 0}
    - target: {fileID: 3347631314238089138, guid: 757afd453d2467a4fa96d62e35a68b16, type: 3}
      propertyPath: m_LocalPosition.z
      value: 0
      objectReference: {fileID: 0}
    - target: {fileID: 3347631314238089138, guid: 757afd453d2467a4fa96d62e35a68b16, type: 3}
      propertyPath: m_LocalRotation.w
      value: 1
      objectReference: {fileID: 0}
    - target: {fileID: 3347631314238089138, guid: 757afd453d2467a4fa96d62e35a68b16, type: 3}
      propertyPath: m_LocalRotation.x
      value: -0
      objectReference: {fileID: 0}
    - target: {fileID: 3347631314238089138, guid: 757afd453d2467a4fa96d62e35a68b16, type: 3}
      propertyPath: m_LocalRotation.y
      value: -0
      objectReference: {fileID: 0}
    - target: {fileID: 3347631314238089138, guid: 757afd453d2467a4fa96d62e35a68b16, type: 3}
      propertyPath: m_LocalRotation.z
      value: -0
      objectReference: {fileID: 0}
    - target: {fileID: 3347631314238089138, guid: 757afd453d2467a4fa96d62e35a68b16, type: 3}
      propertyPath: m_LocalEulerAnglesHint.x
      value: 0
      objectReference: {fileID: 0}
    - target: {fileID: 3347631314238089138, guid: 757afd453d2467a4fa96d62e35a68b16, type: 3}
      propertyPath: m_LocalEulerAnglesHint.y
      value: 0
      objectReference: {fileID: 0}
    - target: {fileID: 3347631314238089138, guid: 757afd453d2467a4fa96d62e35a68b16, type: 3}
      propertyPath: m_LocalEulerAnglesHint.z
      value: 0
      objectReference: {fileID: 0}
    - target: {fileID: 6386670886693948786, guid: 757afd453d2467a4fa96d62e35a68b16, type: 3}
      propertyPath: canTacle
      value: 0
      objectReference: {fileID: 0}
    - target: {fileID: 6386670886693948786, guid: 757afd453d2467a4fa96d62e35a68b16, type: 3}
      propertyPath: baseScoreValue
      value: 100
      objectReference: {fileID: 0}
    - target: {fileID: 6386670886693948789, guid: 757afd453d2467a4fa96d62e35a68b16, type: 3}
      propertyPath: baseStamina
      value: 2
      objectReference: {fileID: 0}
    m_RemovedComponents: []
  m_SourcePrefab: {fileID: 100100000, guid: 757afd453d2467a4fa96d62e35a68b16, type: 3}
--- !u!4 &4374493297414282102 stripped
Transform:
  m_CorrespondingSourceObject: {fileID: 3347631314238089138, guid: 757afd453d2467a4fa96d62e35a68b16, type: 3}
  m_PrefabInstance: {fileID: 1351219025901141188}
  m_PrefabAsset: {fileID: 0}
--- !u!1001 &1351219026150717844
PrefabInstance:
  m_ObjectHideFlags: 0
  serializedVersion: 2
  m_Modification:
    m_TransformParent: {fileID: 1351219026849292673}
    m_Modifications:
    - target: {fileID: 3347631314238089136, guid: 757afd453d2467a4fa96d62e35a68b16, type: 3}
      propertyPath: m_Name
      value: Enemy (3)
      objectReference: {fileID: 0}
    - target: {fileID: 3347631314238089136, guid: 757afd453d2467a4fa96d62e35a68b16, type: 3}
      propertyPath: m_Layer
      value: 9
      objectReference: {fileID: 0}
    - target: {fileID: 3347631314238089138, guid: 757afd453d2467a4fa96d62e35a68b16, type: 3}
      propertyPath: m_RootOrder
      value: 2
      objectReference: {fileID: 0}
    - target: {fileID: 3347631314238089138, guid: 757afd453d2467a4fa96d62e35a68b16, type: 3}
      propertyPath: m_LocalPosition.x
      value: 1.27
      objectReference: {fileID: 0}
    - target: {fileID: 3347631314238089138, guid: 757afd453d2467a4fa96d62e35a68b16, type: 3}
      propertyPath: m_LocalPosition.y
      value: 3.63
      objectReference: {fileID: 0}
    - target: {fileID: 3347631314238089138, guid: 757afd453d2467a4fa96d62e35a68b16, type: 3}
      propertyPath: m_LocalPosition.z
      value: 0
      objectReference: {fileID: 0}
    - target: {fileID: 3347631314238089138, guid: 757afd453d2467a4fa96d62e35a68b16, type: 3}
      propertyPath: m_LocalRotation.w
      value: 1
      objectReference: {fileID: 0}
    - target: {fileID: 3347631314238089138, guid: 757afd453d2467a4fa96d62e35a68b16, type: 3}
      propertyPath: m_LocalRotation.x
      value: -0
      objectReference: {fileID: 0}
    - target: {fileID: 3347631314238089138, guid: 757afd453d2467a4fa96d62e35a68b16, type: 3}
      propertyPath: m_LocalRotation.y
      value: -0
      objectReference: {fileID: 0}
    - target: {fileID: 3347631314238089138, guid: 757afd453d2467a4fa96d62e35a68b16, type: 3}
      propertyPath: m_LocalRotation.z
      value: -0
      objectReference: {fileID: 0}
    - target: {fileID: 3347631314238089138, guid: 757afd453d2467a4fa96d62e35a68b16, type: 3}
      propertyPath: m_LocalEulerAnglesHint.x
      value: 0
      objectReference: {fileID: 0}
    - target: {fileID: 3347631314238089138, guid: 757afd453d2467a4fa96d62e35a68b16, type: 3}
      propertyPath: m_LocalEulerAnglesHint.y
      value: 0
      objectReference: {fileID: 0}
    - target: {fileID: 3347631314238089138, guid: 757afd453d2467a4fa96d62e35a68b16, type: 3}
      propertyPath: m_LocalEulerAnglesHint.z
      value: 0
      objectReference: {fileID: 0}
    - target: {fileID: 6386670886693948786, guid: 757afd453d2467a4fa96d62e35a68b16, type: 3}
      propertyPath: canTacle
      value: 0
      objectReference: {fileID: 0}
    - target: {fileID: 6386670886693948786, guid: 757afd453d2467a4fa96d62e35a68b16, type: 3}
      propertyPath: baseScoreValue
      value: 100
      objectReference: {fileID: 0}
    - target: {fileID: 6386670886693948789, guid: 757afd453d2467a4fa96d62e35a68b16, type: 3}
      propertyPath: baseStamina
      value: 2
      objectReference: {fileID: 0}
    m_RemovedComponents: []
  m_SourcePrefab: {fileID: 100100000, guid: 757afd453d2467a4fa96d62e35a68b16, type: 3}
--- !u!4 &4374493297257012774 stripped
Transform:
  m_CorrespondingSourceObject: {fileID: 3347631314238089138, guid: 757afd453d2467a4fa96d62e35a68b16, type: 3}
  m_PrefabInstance: {fileID: 1351219026150717844}
  m_PrefabAsset: {fileID: 0}
--- !u!1001 &1351219026851193263
PrefabInstance:
  m_ObjectHideFlags: 0
  serializedVersion: 2
  m_Modification:
    m_TransformParent: {fileID: 1351219026849292673}
    m_Modifications:
    - target: {fileID: 3347631314238089136, guid: 757afd453d2467a4fa96d62e35a68b16, type: 3}
      propertyPath: m_Name
      value: Enemy (5)
      objectReference: {fileID: 0}
    - target: {fileID: 3347631314238089136, guid: 757afd453d2467a4fa96d62e35a68b16, type: 3}
      propertyPath: m_Layer
      value: 9
      objectReference: {fileID: 0}
    - target: {fileID: 3347631314238089138, guid: 757afd453d2467a4fa96d62e35a68b16, type: 3}
      propertyPath: m_RootOrder
      value: 4
      objectReference: {fileID: 0}
    - target: {fileID: 3347631314238089138, guid: 757afd453d2467a4fa96d62e35a68b16, type: 3}
      propertyPath: m_LocalPosition.x
      value: -1.29
      objectReference: {fileID: 0}
    - target: {fileID: 3347631314238089138, guid: 757afd453d2467a4fa96d62e35a68b16, type: 3}
      propertyPath: m_LocalPosition.y
      value: 2.01
      objectReference: {fileID: 0}
    - target: {fileID: 3347631314238089138, guid: 757afd453d2467a4fa96d62e35a68b16, type: 3}
      propertyPath: m_LocalPosition.z
      value: 0
      objectReference: {fileID: 0}
    - target: {fileID: 3347631314238089138, guid: 757afd453d2467a4fa96d62e35a68b16, type: 3}
      propertyPath: m_LocalRotation.w
      value: 1
      objectReference: {fileID: 0}
    - target: {fileID: 3347631314238089138, guid: 757afd453d2467a4fa96d62e35a68b16, type: 3}
      propertyPath: m_LocalRotation.x
      value: -0
      objectReference: {fileID: 0}
    - target: {fileID: 3347631314238089138, guid: 757afd453d2467a4fa96d62e35a68b16, type: 3}
      propertyPath: m_LocalRotation.y
      value: -0
      objectReference: {fileID: 0}
    - target: {fileID: 3347631314238089138, guid: 757afd453d2467a4fa96d62e35a68b16, type: 3}
      propertyPath: m_LocalRotation.z
      value: -0
      objectReference: {fileID: 0}
    - target: {fileID: 3347631314238089138, guid: 757afd453d2467a4fa96d62e35a68b16, type: 3}
      propertyPath: m_LocalEulerAnglesHint.x
      value: 0
      objectReference: {fileID: 0}
    - target: {fileID: 3347631314238089138, guid: 757afd453d2467a4fa96d62e35a68b16, type: 3}
      propertyPath: m_LocalEulerAnglesHint.y
      value: 0
      objectReference: {fileID: 0}
    - target: {fileID: 3347631314238089138, guid: 757afd453d2467a4fa96d62e35a68b16, type: 3}
      propertyPath: m_LocalEulerAnglesHint.z
      value: 0
      objectReference: {fileID: 0}
    - target: {fileID: 6386670886693948786, guid: 757afd453d2467a4fa96d62e35a68b16, type: 3}
      propertyPath: canTacle
      value: 0
      objectReference: {fileID: 0}
    - target: {fileID: 6386670886693948786, guid: 757afd453d2467a4fa96d62e35a68b16, type: 3}
      propertyPath: baseScoreValue
      value: 100
      objectReference: {fileID: 0}
    - target: {fileID: 6386670886693948789, guid: 757afd453d2467a4fa96d62e35a68b16, type: 3}
      propertyPath: baseStamina
      value: 2
      objectReference: {fileID: 0}
    m_RemovedComponents: []
  m_SourcePrefab: {fileID: 100100000, guid: 757afd453d2467a4fa96d62e35a68b16, type: 3}
--- !u!4 &4374493297554769437 stripped
Transform:
  m_CorrespondingSourceObject: {fileID: 3347631314238089138, guid: 757afd453d2467a4fa96d62e35a68b16, type: 3}
  m_PrefabInstance: {fileID: 1351219026851193263}
  m_PrefabAsset: {fileID: 0}
--- !u!1001 &1351219026893286726
PrefabInstance:
  m_ObjectHideFlags: 0
  serializedVersion: 2
  m_Modification:
    m_TransformParent: {fileID: 1351219026849292673}
    m_Modifications:
    - target: {fileID: 3347631314238089136, guid: 757afd453d2467a4fa96d62e35a68b16, type: 3}
      propertyPath: m_Name
      value: Enemy (6)
      objectReference: {fileID: 0}
    - target: {fileID: 3347631314238089136, guid: 757afd453d2467a4fa96d62e35a68b16, type: 3}
      propertyPath: m_Layer
      value: 9
      objectReference: {fileID: 0}
    - target: {fileID: 3347631314238089138, guid: 757afd453d2467a4fa96d62e35a68b16, type: 3}
      propertyPath: m_RootOrder
      value: 5
      objectReference: {fileID: 0}
    - target: {fileID: 3347631314238089138, guid: 757afd453d2467a4fa96d62e35a68b16, type: 3}
      propertyPath: m_LocalPosition.x
      value: 1.28
      objectReference: {fileID: 0}
    - target: {fileID: 3347631314238089138, guid: 757afd453d2467a4fa96d62e35a68b16, type: 3}
      propertyPath: m_LocalPosition.y
      value: 2.01
      objectReference: {fileID: 0}
    - target: {fileID: 3347631314238089138, guid: 757afd453d2467a4fa96d62e35a68b16, type: 3}
      propertyPath: m_LocalPosition.z
      value: 0
      objectReference: {fileID: 0}
    - target: {fileID: 3347631314238089138, guid: 757afd453d2467a4fa96d62e35a68b16, type: 3}
      propertyPath: m_LocalRotation.w
      value: 1
      objectReference: {fileID: 0}
    - target: {fileID: 3347631314238089138, guid: 757afd453d2467a4fa96d62e35a68b16, type: 3}
      propertyPath: m_LocalRotation.x
      value: -0
      objectReference: {fileID: 0}
    - target: {fileID: 3347631314238089138, guid: 757afd453d2467a4fa96d62e35a68b16, type: 3}
      propertyPath: m_LocalRotation.y
      value: -0
      objectReference: {fileID: 0}
    - target: {fileID: 3347631314238089138, guid: 757afd453d2467a4fa96d62e35a68b16, type: 3}
      propertyPath: m_LocalRotation.z
      value: -0
      objectReference: {fileID: 0}
    - target: {fileID: 3347631314238089138, guid: 757afd453d2467a4fa96d62e35a68b16, type: 3}
      propertyPath: m_LocalEulerAnglesHint.x
      value: 0
      objectReference: {fileID: 0}
    - target: {fileID: 3347631314238089138, guid: 757afd453d2467a4fa96d62e35a68b16, type: 3}
      propertyPath: m_LocalEulerAnglesHint.y
      value: 0
      objectReference: {fileID: 0}
    - target: {fileID: 3347631314238089138, guid: 757afd453d2467a4fa96d62e35a68b16, type: 3}
      propertyPath: m_LocalEulerAnglesHint.z
      value: 0
      objectReference: {fileID: 0}
    - target: {fileID: 6386670886693948786, guid: 757afd453d2467a4fa96d62e35a68b16, type: 3}
      propertyPath: canTacle
      value: 0
      objectReference: {fileID: 0}
    - target: {fileID: 6386670886693948786, guid: 757afd453d2467a4fa96d62e35a68b16, type: 3}
      propertyPath: baseScoreValue
      value: 100
      objectReference: {fileID: 0}
    - target: {fileID: 6386670886693948789, guid: 757afd453d2467a4fa96d62e35a68b16, type: 3}
      propertyPath: baseStamina
      value: 2
      objectReference: {fileID: 0}
    m_RemovedComponents: []
  m_SourcePrefab: {fileID: 100100000, guid: 757afd453d2467a4fa96d62e35a68b16, type: 3}
--- !u!4 &4374493297597188852 stripped
Transform:
  m_CorrespondingSourceObject: {fileID: 3347631314238089138, guid: 757afd453d2467a4fa96d62e35a68b16, type: 3}
  m_PrefabInstance: {fileID: 1351219026893286726}
  m_PrefabAsset: {fileID: 0}
--- !u!1001 &1351219026974326240
PrefabInstance:
  m_ObjectHideFlags: 0
  serializedVersion: 2
  m_Modification:
    m_TransformParent: {fileID: 1351219026849292673}
    m_Modifications:
    - target: {fileID: 3347631314238089136, guid: 757afd453d2467a4fa96d62e35a68b16, type: 3}
      propertyPath: m_Name
      value: Enemy (2)
      objectReference: {fileID: 0}
    - target: {fileID: 3347631314238089136, guid: 757afd453d2467a4fa96d62e35a68b16, type: 3}
      propertyPath: m_Layer
      value: 9
      objectReference: {fileID: 0}
    - target: {fileID: 3347631314238089138, guid: 757afd453d2467a4fa96d62e35a68b16, type: 3}
      propertyPath: m_RootOrder
      value: 1
      objectReference: {fileID: 0}
    - target: {fileID: 3347631314238089138, guid: 757afd453d2467a4fa96d62e35a68b16, type: 3}
      propertyPath: m_LocalPosition.x
      value: -1.29
      objectReference: {fileID: 0}
    - target: {fileID: 3347631314238089138, guid: 757afd453d2467a4fa96d62e35a68b16, type: 3}
      propertyPath: m_LocalPosition.y
      value: 3.68
      objectReference: {fileID: 0}
    - target: {fileID: 3347631314238089138, guid: 757afd453d2467a4fa96d62e35a68b16, type: 3}
      propertyPath: m_LocalPosition.z
      value: 0
      objectReference: {fileID: 0}
    - target: {fileID: 3347631314238089138, guid: 757afd453d2467a4fa96d62e35a68b16, type: 3}
      propertyPath: m_LocalRotation.w
      value: 1
      objectReference: {fileID: 0}
    - target: {fileID: 3347631314238089138, guid: 757afd453d2467a4fa96d62e35a68b16, type: 3}
      propertyPath: m_LocalRotation.x
      value: -0
      objectReference: {fileID: 0}
    - target: {fileID: 3347631314238089138, guid: 757afd453d2467a4fa96d62e35a68b16, type: 3}
      propertyPath: m_LocalRotation.y
      value: -0
      objectReference: {fileID: 0}
    - target: {fileID: 3347631314238089138, guid: 757afd453d2467a4fa96d62e35a68b16, type: 3}
      propertyPath: m_LocalRotation.z
      value: -0
      objectReference: {fileID: 0}
    - target: {fileID: 3347631314238089138, guid: 757afd453d2467a4fa96d62e35a68b16, type: 3}
      propertyPath: m_LocalEulerAnglesHint.x
      value: 0
      objectReference: {fileID: 0}
    - target: {fileID: 3347631314238089138, guid: 757afd453d2467a4fa96d62e35a68b16, type: 3}
      propertyPath: m_LocalEulerAnglesHint.y
      value: 0
      objectReference: {fileID: 0}
    - target: {fileID: 3347631314238089138, guid: 757afd453d2467a4fa96d62e35a68b16, type: 3}
      propertyPath: m_LocalEulerAnglesHint.z
      value: 0
      objectReference: {fileID: 0}
    - target: {fileID: 6386670886693948786, guid: 757afd453d2467a4fa96d62e35a68b16, type: 3}
      propertyPath: canTacle
      value: 0
      objectReference: {fileID: 0}
    - target: {fileID: 6386670886693948786, guid: 757afd453d2467a4fa96d62e35a68b16, type: 3}
      propertyPath: baseScoreValue
      value: 100
      objectReference: {fileID: 0}
    - target: {fileID: 6386670886693948789, guid: 757afd453d2467a4fa96d62e35a68b16, type: 3}
      propertyPath: baseStamina
      value: 2
      objectReference: {fileID: 0}
    m_RemovedComponents: []
  m_SourcePrefab: {fileID: 100100000, guid: 757afd453d2467a4fa96d62e35a68b16, type: 3}
--- !u!4 &4374493298487663186 stripped
Transform:
  m_CorrespondingSourceObject: {fileID: 3347631314238089138, guid: 757afd453d2467a4fa96d62e35a68b16, type: 3}
  m_PrefabInstance: {fileID: 1351219026974326240}
  m_PrefabAsset: {fileID: 0}
--- !u!1001 &1351219027102762301
PrefabInstance:
  m_ObjectHideFlags: 0
  serializedVersion: 2
  m_Modification:
    m_TransformParent: {fileID: 1351219026849292673}
    m_Modifications:
    - target: {fileID: 3347631314238089136, guid: 757afd453d2467a4fa96d62e35a68b16, type: 3}
      propertyPath: m_Name
      value: Enemy (1)
      objectReference: {fileID: 0}
    - target: {fileID: 3347631314238089136, guid: 757afd453d2467a4fa96d62e35a68b16, type: 3}
      propertyPath: m_Layer
      value: 9
      objectReference: {fileID: 0}
    - target: {fileID: 3347631314238089138, guid: 757afd453d2467a4fa96d62e35a68b16, type: 3}
      propertyPath: m_RootOrder
      value: 0
      objectReference: {fileID: 0}
    - target: {fileID: 3347631314238089138, guid: 757afd453d2467a4fa96d62e35a68b16, type: 3}
      propertyPath: m_LocalPosition.x
      value: -3.62
      objectReference: {fileID: 0}
    - target: {fileID: 3347631314238089138, guid: 757afd453d2467a4fa96d62e35a68b16, type: 3}
      propertyPath: m_LocalPosition.y
      value: 3.04
      objectReference: {fileID: 0}
    - target: {fileID: 3347631314238089138, guid: 757afd453d2467a4fa96d62e35a68b16, type: 3}
      propertyPath: m_LocalPosition.z
      value: 0
      objectReference: {fileID: 0}
    - target: {fileID: 3347631314238089138, guid: 757afd453d2467a4fa96d62e35a68b16, type: 3}
      propertyPath: m_LocalRotation.w
      value: 1
      objectReference: {fileID: 0}
    - target: {fileID: 3347631314238089138, guid: 757afd453d2467a4fa96d62e35a68b16, type: 3}
      propertyPath: m_LocalRotation.x
      value: -0
      objectReference: {fileID: 0}
    - target: {fileID: 3347631314238089138, guid: 757afd453d2467a4fa96d62e35a68b16, type: 3}
      propertyPath: m_LocalRotation.y
      value: -0
      objectReference: {fileID: 0}
    - target: {fileID: 3347631314238089138, guid: 757afd453d2467a4fa96d62e35a68b16, type: 3}
      propertyPath: m_LocalRotation.z
      value: -0
      objectReference: {fileID: 0}
    - target: {fileID: 3347631314238089138, guid: 757afd453d2467a4fa96d62e35a68b16, type: 3}
      propertyPath: m_LocalEulerAnglesHint.x
      value: 0
      objectReference: {fileID: 0}
    - target: {fileID: 3347631314238089138, guid: 757afd453d2467a4fa96d62e35a68b16, type: 3}
      propertyPath: m_LocalEulerAnglesHint.y
      value: 0
      objectReference: {fileID: 0}
    - target: {fileID: 3347631314238089138, guid: 757afd453d2467a4fa96d62e35a68b16, type: 3}
      propertyPath: m_LocalEulerAnglesHint.z
      value: 0
      objectReference: {fileID: 0}
    - target: {fileID: 6386670886693948786, guid: 757afd453d2467a4fa96d62e35a68b16, type: 3}
      propertyPath: canTacle
      value: 0
      objectReference: {fileID: 0}
    - target: {fileID: 6386670886693948786, guid: 757afd453d2467a4fa96d62e35a68b16, type: 3}
      propertyPath: baseScoreValue
      value: 100
      objectReference: {fileID: 0}
    - target: {fileID: 6386670886693948789, guid: 757afd453d2467a4fa96d62e35a68b16, type: 3}
      propertyPath: baseStamina
      value: 2
      objectReference: {fileID: 0}
    - target: {fileID: 6386670886693948789, guid: 757afd453d2467a4fa96d62e35a68b16, type: 3}
      propertyPath: staminaUpdateAnimationTime
      value: 0.1
      objectReference: {fileID: 0}
    m_RemovedComponents: []
  m_SourcePrefab: {fileID: 100100000, guid: 757afd453d2467a4fa96d62e35a68b16, type: 3}
--- !u!4 &4374493298343486095 stripped
Transform:
  m_CorrespondingSourceObject: {fileID: 3347631314238089138, guid: 757afd453d2467a4fa96d62e35a68b16, type: 3}
  m_PrefabInstance: {fileID: 1351219027102762301}
  m_PrefabAsset: {fileID: 0}
